@online{LiseWeb,
  author = {lise},
  title = {Lise Webseite},
  year = 2024,
  url = {https://www.lise.de/},
  urldate = {2024-12-19}
}

@online{unternehmensregister2024,
    author    = {{Bundesanzeiger Verlag}},
    title     = {Unternehmensregister - Dokument Nr. 34920568},
    year      = {2024},
    url       = {https://www.unternehmensregister.de/ureg/index.html},
    note      = {HRB 61293},
    urldate   = {2024-12-19}
}

# wikipedia https://en.wikipedia.org/wiki/Sentence_embedding
@online{wiki:SentEmb,
  author = {Wikipedia},
  title = {Sentence embedding --- Wikipedia{,} The Free Encyclopedia},
  year = 2024,
  url = {https://en.wikipedia.org/wiki/Sentence_embedding},
  urldate = {2024-12-19}
}

# https://platform.openai.com/docs/guides/embeddings/
@online{openai:Embeddings,
  author = {OpenAI},
  title = {Embeddings},
  year = 2024,
  url = {https://platform.openai.com/docs/guides/embeddings/},
  urldate = {2024-12-19}
}